@article{bentley1975multidimensional,
  title={Multidimensional binary search trees used for associative searching},
  author={Bentley, Jon Louis},
  journal={Communications of the ACM},
  volume={18},
  number={9},
  pages={509--517},
  year={1975},
  publisher={ACM New York, NY, USA}
}

@article{samet1988overview,
  title={An overview of quadtrees, octrees, and related hierarchical data structures},
  author={Samet, Hanan},
  journal={Theoretical Foundations of Computer Graphics and CAD},
  pages={51--68},
  year={1988},
  publisher={Springer}
}

@inproceedings{beygelzimer2006cover,
  title={Cover trees for nearest neighbor},
  author={Beygelzimer, Alina and Kakade, Sham and Langford, John},
  booktitle={Proceedings of the 23rd international conference on Machine learning},
  pages={97--104},
  year={2006}
}

@inproceedings{guttman1984r,
  title={R-trees: A dynamic index structure for spatial searching},
  author={Guttman, Antonin},
  booktitle={Proceedings of the 1984 ACM SIGMOD international conference on Management of data},
  pages={47--57},
  year={1984}
}

@article{fu2000dynamic,
  title={Dynamic vp-tree indexing for n-nearest neighbor search given pair-wise distances},
  author={Fu, Ada Wai-chee and Chan, Polly Mei-shuen and Cheung, Yin-Ling and Moon, Yiu Sang},
  journal={The VLDB Journal},
  volume={9},
  pages={154--173},
  year={2000},
  publisher={Springer}
}

@article{bhatia2010survey,
  title={Survey of nearest neighbor techniques},
  author={Bhatia, Nitin and others},
  journal={arXiv preprint arXiv:1007.0085},
  year={2010}
}